<record><leader>00000cas a22000007a 4500</leader><controlfield tag="001">14409410</controlfield><controlfield tag="008">861017d18uu1877pauwr ne      0    0eng d</controlfield><datafield ind1=" " ind2=" " tag="010"><subfield code="a">sn 86081884 </subfield></datafield><datafield ind1=" " ind2=" " tag="040"><subfield code="a">NPH</subfield><subfield code="b">eng</subfield><subfield code="c">NPH</subfield><subfield code="d">UAB</subfield><subfield code="d">OCLCO</subfield><subfield code="d">OCLCQ</subfield><subfield code="d">OCLCO</subfield></datafield><datafield ind1="1" ind2=" " tag="029"><subfield code="a">AU@</subfield><subfield code="b">000025818164</subfield></datafield><datafield ind1=" " ind2=" " tag="042"><subfield code="a">msc</subfield></datafield><datafield ind1="0" ind2="0" tag="245"><subfield code="a">Temperance vindicator and Keystone Good Templar.</subfield></datafield><datafield ind1=" " ind2=" " tag="260"><subfield code="a">Harrisburg, Pa. :</subfield><subfield code="b">Geo. F. McFarland</subfield></datafield><datafield ind1=" " ind2=" " tag="300"><subfield code="a">v. ;</subfield><subfield code="c">61 cm.</subfield></datafield><datafield ind1=" " ind2=" " tag="310"><subfield code="a">Weekly</subfield></datafield><datafield ind1="1" ind2=" " tag="362"><subfield code="a">Ceased in 1877?</subfield></datafield><datafield ind1=" " ind2=" " tag="500"><subfield code="a">"Devoted to prohibition, literature, education, and the family and general intelligence."</subfield></datafield><datafield ind1=" " ind2=" " tag="550"><subfield code="a">Official organ of the Grand Lodge of Pa. I.O.G.T. (Independent Order of Good Templars.).</subfield></datafield><datafield ind1=" " ind2=" " tag="588"><subfield code="a">Description based on: Vol. 8, no. 9 (Mar. 5, 1875).</subfield></datafield><datafield ind1="2" ind2="0" tag="610"><subfield code="a">Independent Order of Good Templars.</subfield><subfield code="b">Grand Lodge of Pennsylvania</subfield><subfield code="v">Periodicals.</subfield></datafield><datafield ind1="2" ind2=" " tag="710"><subfield code="a">Independent Order of Good Templars.</subfield><subfield code="b">Grand Lodge of Pennsylvania.</subfield></datafield><datafield ind1=" " ind2=" " tag="752"><subfield code="a">United States</subfield><subfield code="b">Pennsylvania</subfield><subfield code="c">Dauphin</subfield><subfield code="d">Harrisburg.</subfield></datafield><datafield ind1="0" ind2="0" tag="780"><subfield code="t">Temperance vindicator, and family journal</subfield><subfield code="w">(DLC)sn 83025959</subfield></datafield><datafield ind1="0" ind2="0" tag="785"><subfield code="t">Temperance vindicator</subfield><subfield code="w">(DLC)sn 86081885</subfield></datafield></record>